@online{dante,
  author = {TheVisualAgency},
  title = {DivineComedy.Digital},
  year = 2022,
  url = {https://divinecomedy.digital/#/},
  urldate = {2022-12-03}
}

@online{ebible, 
  author = {{Michael Paul Johnson}},
  title = {eBible.org},
  year = 1997,
  url = {https://ebible.org/pdf/},
  urldate = {2022-12-03}
}


@online{selenium,
  author = {{Jason Huggins et al.}},
  title = {Selenium},
  year = 2004,
  url = {https://www.selenium.dev/},
  urldate = {2022-12-03}
}

@online{biblecom,
  author = { Life.Church},
  title = {Bible.com},
  year = 2022,
  url = {https://www.bible.com/it},
  urldate = {2022-12-03}
}

@online{OJB,
  author = {{Nick Hengeveld}},
  title = {Orthodox Jewish Bible},
  year = 2022,
  url = {https://www.biblegateway.com/versions/Orthodox-Jewish-Bible-OJB/},
  urldate = {2022-12-03}
}

@online{YLT,
  author = {{Nick Hengeveld}},
  title = {Young's Literal Translation},
  year = 2022,
  url = {https://www.biblegateway.com/versions/Youngs-Literal-Translation-YLT-Bible/},
  urldate = {2022-12-03}
}

@online{NRSV,
  author = {Wikipedia},
  title = {New Revised Standard Version},
  year = 2022,
  url = {https://en.wikipedia.org/wiki/New_Revised_Standard_Version},
  urldate = {2022-12-03}
}

@online{spacy,
  author = {{Ines Montani et al.}},
  title = {Spacy},
  year = 2015,
  url = {https://spacy.io/},
  urldate = {2022-12-03}
}

@online{textblob,
  author = {{Steven Loria et al.}},
  title = {TextBlob},
  year = 2018,
  url = {https://textblob.readthedocs.io/en/dev/},
  urldate = {2022-12-03}
}

@online{nltk,
  author = {{Steven Bird et al.}},
  title = {NLTK},
  year = 2001,
  url = {https://www.nltk.org/},
  urldate = {2022-12-03}
}

@online{gensim,
  author = {{Radim Řehůřek et al.}},
  title = {Gensim},
  year = 2009,
  url = {https://radimrehurek.com/gensim/},
  urldate = {2022-12-03}
}

@online{bootstrapvue,
  author = {{Illya Klymov et al.}},
  title = {BootstrapVue},
  year = 2017,
  url = {https://bootstrap-vue.org/},
  urldate = {2022-12-03}
}

@online{vueapi,
  author = {{Vue.js}},
  title = {Vue Options API},
  url = {https://vuejs.org/guide/introduction.html#api-styles},
  urldate = {2022-12-03}
}

@online{reactapi,
  author = {{React}},
  title = {React Options API},
  url = {https://projects.wojtekmaj.pl/react-lifecycle-methods-diagram/},
  urldate = {2022-12-03}
}

@online{vueconditional,
  author = {{Vue.js}},
  title = {Vue Conditional Rendering},
  url = {https://vuejs.org/guide/essentials/conditional.html},
  urldate = {2022-12-03}
}

@online{vuewarning,
  author = {{Micheal Thiessen}},
  title = {The correct way to force Vue to re-render a component},
  url = {https://michaelnthiessen.com/force-re-render/},
  year = 2022,
  urldate = {2022-12-03}
}
@online{hbar,
  author = {{Plotly.js}},
  title = {Horizontal Bar Charts in JavaScript},
  url = {https://plotly.com/javascript/horizontal-bar-charts/},
  urldate = {2022-12-03}
}
@online{catplot,
  author = {{Plotly.js}},
  title = {Parallel Categories Diagram in JavaScript},
  url = {https://plotly.com/javascript/parallel-categories-diagram/},
  urldate = {2022-12-03}
}

@online{treemap,
  author = {{Plotly.js}},
  title = {Treemaps in JavaScript},
  url = {https://plotly.com/javascript/treemaps/},
  urldate = {2022-12-03}
}

@online{sunburst,
  author = {{Plotly.js}},
  title = {Sunbursts Charts in JavaScript},
  url = {https://plotly.com/javascript/sunburst-charts/},
  urldate = {2022-12-03}
}
@online{linechart,
  author = {{Plotly.js}},
  title = {Line Charts in JavaScript},
  url = {https://plotly.com/javascript/line-charts/},
  urldate = {2022-12-03}
}
@online{3Dscatter,
  author = {{Plotly.js}},
  title = {3D Scatter Plots in JavaScript},
  url = {https://plotly.com/javascript/3d-scatter-plots/},
  urldate = {2022-12-03}
}

@online{mesh,
  author = {{Plotly.js}},
  title = {3D Mesh Plots in JavaScript},
  url = {https://plotly.com/javascript/3d-mesh/},
  urldate = {2022-12-03}
}
@online{alphashapealg,
  author = {{Wikipedia}},
  title = {Alpha shape},
  url = {https://en.wikipedia.org/wiki/Alpha_shape},
  year = 2011,
  urldate = {2022-12-03}
}

@online{heatmap,
  author = {{Plotly.js}},
  title = {Heatmaps in JavaScript},
  url = {https://plotly.com/javascript/heatmaps/},
  urldate = {2022-12-03}
}

@online{networknolabel,
  author = {{Mike Bostock}},
  title = {Force-Directed Graph},
  url = {https://observablehq.com/@d3/force-directed-graph},
  year = 2021,
  urldate = {2022-12-03}
}

@online{networklabel,
  author = {{heybignick}},
  title = {D3.js v4 Force Directed Graph with Labels},
  url = {https://bl.ocks.org/heybignick/3faf257bbbbc7743bb72310d03b86ee8},
  year = 2022,
  urldate = {2022-12-03}
}

@online{hieredgebundling,
  author = {{Yan Holtz}},
  title = {Hierarchical edge bundling},
  url = {https://d3-graph-gallery.com/bundle.html},
  urldate = {2022-12-03}
}
